<record><leader>00000cas a22000007a 4500</leader><controlfield tag="001">34847037</controlfield><controlfield tag="008">960603c199u9999mouwr n       0   a0eng c</controlfield><datafield ind1=" " ind2=" " tag="010"><subfield code="a">sn 96002386 </subfield></datafield><datafield ind1=" " ind2=" " tag="040"><subfield code="a">NSD</subfield><subfield code="b">eng</subfield><subfield code="c">NSD</subfield><subfield code="d">OCLCQ</subfield></datafield><datafield ind1=" " ind2=" " tag="012"><subfield code="m">0</subfield></datafield><datafield ind1="1" ind2=" " tag="022"><subfield code="a">1089-0750</subfield><subfield code="l">1089-0750</subfield><subfield code="2">1</subfield></datafield><datafield ind1=" " ind2=" " tag="042"><subfield code="a">nsdp</subfield><subfield code="a">pcc</subfield></datafield><datafield ind1="0" ind2=" " tag="130"><subfield code="a">Pulaski County democrat (Waynesville, Mo. : 1996)</subfield></datafield><datafield ind1=" " ind2="0" tag="222"><subfield code="a">Pulaski County democrat</subfield><subfield code="b">(Waynesville, Mo. 1996)</subfield></datafield><datafield ind1="1" ind2="0" tag="245"><subfield code="a">Pulaski County democrat.</subfield></datafield><datafield ind1=" " ind2=" " tag="260"><subfield code="a">Waynesville, Mo. :</subfield><subfield code="b">Karla Fudge</subfield></datafield><datafield ind1=" " ind2=" " tag="300"><subfield code="a">v.</subfield></datafield><datafield ind1=" " ind2=" " tag="310"><subfield code="a">Weekly</subfield></datafield><datafield ind1=" " ind2=" " tag="588"><subfield code="a">Description based on: Vol. 2, no. 31 (May 8, 1996).</subfield></datafield><datafield ind1=" " ind2=" " tag="752"><subfield code="a">United States</subfield><subfield code="b">Missouri</subfield><subfield code="c">Pulaski</subfield><subfield code="d">Waynesville.</subfield></datafield></record>